
@ARTICLE{wolpawEtAl02,
    AUTHOR  = {R. Wolpaw and N. Birbaumer and D. J. McFarland and G. Pfurtscheller and T. M.  Vaughan},
    TITLE   = {Brain-computer interfaces for communication and control},
    JOURNAL = {Clinical Neurophysiology},
    VOLUME  = {113},
    PAGES   = {767-791},
    YEAR    = {2002}
}

@ARTICLE{nicolasAlonsoAndGomezGil12,
    AUTHOR  = {L. F. Nicolas-Alonso and J. Gomez-Gil},
    TITLE   = {Brain computer interfaces, a review},
    JOURNAL = {Sensors},
    VOLUME  = {12},
    PAGES   = {1211-1279},
    YEAR    = {2012}
}

@BOOK(wolpawAndWolpaw12,
       AUTHOR       = {J. Wolpaw and E.W Wolpaw},
       TITLE        = {Brain-Computer Interaces: Principles and Practice},
       PUBLISHER    = {Oxford University Press},
       ADDRESS      = {New York, NY},
       YEAR         = {2012}
       )

@ARTICLE{leuthardtEtAl04,
    AUTHOR      = {Leuthardt, E.C. and Schalk, G. and Wolpaw, J.R. and Ojemann, J.G. and Moran, D.W.},
    TITLE       = {A brain--computer interface using electrocorticographic signals
in humans},
    JOURNAL     = {Journal of neural engineering},
    VOLUME      = {1},
    NUMBER      = {2},
    PAGES       = {63-71},
    YEAR        = {2004},
    PUBLISHER   = {IOP Publishing}
}

@article{lebedevAndNicolelis06,
  title={Brain--machine interfaces: past, present and future},
  author={Lebedev, Mikhail A and Nicolelis, Miguel AL},
  journal={TRENDS in Neurosciences},
  volume={29},
  number={9},
  pages={536--546},
  year={2006},
  publisher={Elsevier}
}

@article{clancyAndMrsicFlogel21,
  title={The sensory representation of causally controlled objects},
  author={Clancy, Kelly B and Mrsic-Flogel, Thomas D},
  journal={Neuron},
  volume={109},
  number={4},
  pages={677--689},
  year={2021},
  publisher={Elsevier}
}
