@article{bonacchiEtAl23,
  title={A modular architecture for organizing, processing and sharing neurophysiology data},
  author={Bonacchi, Niccol{\`o} and Chapuis, Gaelle A and Churchland, Anne K and DeWitt, Eric EJ and Faulkner, Mayo and Harris, Kenneth D and Huntenburg, Julia M and Hunter, Max and Laranjeira, In{\^e}s C and others},
  journal={Nature methods},
  volume={20},
  number={3},
  pages={403--407},
  year={2023},
  publisher={Nature Publishing Group US New York}
}

@article{abeEtAl22,
  title={Neuroscience Cloud Analysis As a Service: An open-source platform for scalable, reproducible data analysis},
  author={Abe, Taiga and Kinsella, Ian and Saxena, Shreya and Buchanan, E Kelly and Couto, Joao and Briggs, John and Kitt, Sian Lee and Glassman, Ryan and Zhou, John and Paninski, Liam and others},
  journal={Neuron},
  volume={110},
  number={17},
  pages={2771--2789},
  year={2022},
  publisher={Elsevier}
}
