
@inproceedings(rapelaEtAl19-epilepsy-tsne,
    title={Uncovering low-dimensional structures of high-dimensional electrophysiological recordings in epilepsy},
    author={Joaqu\'{i}n Rapela and Timoth\'{e}e Proix and Dmitrii Todorov and Wilson Truccolo},
    booktitle={Engineering in Medicine and Biology Society (EMBC), 2019 41st Annual International Conference of the IEEE},
    year={2019},
    address={Berlin, Germany},
    organization={IEEE}
)

@article{truccoloEtAl11,
  title={Single-neuron dynamics in human focal epilepsy},
  author={Truccolo, Wilson and Donoghue, Jacob A and Hochberg, Leigh R and
Eskandar, Emad N and Madsen, Joseph R and Anderson, William S and Brown, Emery
N and Halgren, Eric and Cash, Sydney S},
  journal={Nature neuroscience},
  volume={14},
  number={5},
  pages={635},
  year={2011},
  publisher={Nature Publishing Group}
}

@article{wagnerEtAl15,
  title={Microscale spatiotemporal dynamics during neocortical propagation of
human focal seizures},
  author={Wagner, Fabien B and Eskandar, Emad N and Cosgrove, G Rees and
Madsen, Joseph R and Blum, Andrew S and Potter, N Stevenson and Hochberg,
Leigh R and Cash, Sydney S and Truccolo, Wilson},
  journal={Neuroimage},
  volume={122},
  pages={114--130},
  year={2015},
  publisher={Elsevier}
}

@inproceedings{parkEtAl14,
  title={Early detection of human focal seizures based on cortical multiunit
activity},
  author={Park, Yun S and Hochberg, Leigh R and Eskandar, Emad N and Cash,
Sydney S and Truccolo, Wilson},
  booktitle={Engineering in Medicine and Biology Society (EMBC), 2014 36th Annual International Conference of the IEEE},
  pages={5796--5799},
  year={2014},
  organization={IEEE}
}

@inproceedings{parkEtAl13,
  title={Early detection of human epileptic seizures based on intracortical
local field potentials},
  author={Park, Yun S and Hochberg, Leigh R and Eskandar, Emad N and Cash,
Sydney S and Truccolo, Wilson},
  booktitle={Neural Engineering (NER), 2013 6th International IEEE/EMBS
Conference on},
  pages={323--326},
  year={2013},
  organization={IEEE}
}

@inproceedings{aghagolzadehEtAl16,
  title={Predicting seizures from local field potentials recorded via
intracortical microelectrode arrays},
  author={Aghagolzadeh, Mehdi and Hochberg, Leigh R and Cash, Sydney S and Truccolo, Wilson},
  booktitle={Engineering in Medicine and Biology Society (EMBC), 2016 IEEE
38th Annual International Conference of the},
  pages={6353--6356},
  year={2016},
  organization={IEEE}
}

@article{baldassanoEtAl16,
  title={A novel seizure detection algorithm informed by hidden Markov model
event states},
  author={Baldassano, Steven and Wulsin, Drausin and Ung, Hoameng and Blevins,
Tyler and Brown, Mesha-Gay and Fox, Emily and Litt, Brian},
  journal={Journal of neural engineering},
  volume={13},
  number={3},
  pages={036011},
  year={2016},
  publisher={IOP Publishing}
}

@article{sunderamEtAl01,
  title={Stochastic modeling and prediction of experimental seizures in
Sprague-Dawley rats},
  author={Sunderam, Sridhar and Osorio, Ivan and Frei, Mark G and Watkins,
James F},
  journal={Journal of Clinical Neurophysiology},
  volume={18},
  number={3},
  pages={275--282},
  year={2001},
  publisher={LWW}
}

@MISC(rapelaAndTodorov19-epilepsy-hmm,
    AUTHOR={Joaqu\'{i}n Rapela and Dmitrii Todorov},
    TITLE={Hidden Markov models applied to {LFPs} from layer two and three of human cortex reveal highly stereotypical discrete states in epileptic seizures separated by more than an hour},
    YEAR = {2019},
    HOWPUBLISHED={Accepted at the 41st Engineering in Medicine and Biology Conference of the IEEE; main text
    \url{https://sccn.ucsd.edu/~rapela/papers/EMBC19_Rapela_and_Todorov_EMBC_2019.pdf}
    and supplemental information \url{embc19_hmm_supplemental.pdf}}
    )

@article{schroederEtAl20,
  title={Seizure pathways change on circadian and slower timescales in individual patients with focal epilepsy},
  author={Schroeder, Gabrielle M and Diehl, Beate and Chowdhury, Fahmida A and Duncan, John S and de Tisi, Jane and Trevelyan, Andrew J and Forsyth, Rob and Jackson, Andrew and Taylor, Peter N and Wang, Yujiang},
  journal={Proceedings of the National Academy of Sciences},
  volume={117},
  number={20},
  pages={11048--11058},
  year={2020},
  publisher={National Acad Sciences}
}
