@article{nagyEtAl23,
  title={SMART-BARN: Scalable multimodal arena for real-time tracking behavior of animals in large numbers},
  author={Nagy, M{\'a}t{\'e} and Naik, Hemal and Kano, Fumihiro and Carlson, Nora V and Koblitz, Jens C and Wikelski, Martin and Couzin, Iain D},
  journal={Science Advances},
  volume={9},
  number={35},
  pages={eadf8068},
  year={2023},
  publisher={American Association for the Advancement of Science}
}

@article{hoEtAl23,
  title={A fully automated home cage for long-term continuous phenotyping of mouse cognition and behavior},
  author={Ho, Hinze and Kejzar, Nejc and Sasaguri, Hiroki and Saito, Takashi and Saido, Takaomi C and De Strooper, Bart and Bauza, Marius and Krupic, Julija},
  journal={Cell Reports Methods},
  volume={3},
  number={7},
  year={2023},
  publisher={Elsevier}
}

@article{rayEtAl25,
  title={Hippocampal coding of identity, sex, hierarchy, and affiliation in a social group of wild fruit bats},
  author={Ray, Saikat and Yona, Itay and Elami, Nadav and Palgi, Shaked and Latimer, Kenneth W and Jacobsen, Bente and Witter, Menno P and Las, Liora and Ulanovsky, Nachum},
  journal={Science},
  volume={387},
  number={6733},
  pages={eadk9385},
  year={2025},
  publisher={American Association for the Advancement of Science}
}

@article{weissbrodEtAl13,
  title={Automated long-term tracking and social behavioural phenotyping of animal colonies within a semi-natural environment},
  author={Weissbrod, Aharon and Shapiro, Alexander and Vasserman, Genadiy and Edry, Liat and Dayan, Molly and Yitzhaky, Assif and Hertzberg, Libi and Feinerman, Ofer and Kimchi, Tali},
  journal={Nature communications},
  volume={4},
  number={1},
  pages={2018},
  year={2013},
  publisher={Nature Publishing Group UK London}
}

@article{dhawaleEtAl17,
  title={Automated long-term recording and analysis of neural activity in behaving animals},
  author={Dhawale, Ashesh K and Poddar, Rajesh and Wolff, Steffen BE and Normand, Valentin A and Kopelowitz, Evi and {\"O}lveczky, Bence P},
  journal={Elife},
  volume={6},
  pages={e27702},
  year={2017},
  publisher={eLife Sciences Publications, Ltd}
}
