@article{wiltschkoEtAl15,
  title={Mapping sub-second structure in mouse behavior},
  author={Wiltschko, Alexander B and Johnson, Matthew J and Iurilli, Giuliano and Peterson, Ralph E and Katon, Jesse M and Pashkovski, Stan L and Abraira, Victoria E and Adams, Ryan P and Datta, Sandeep Robert},
  journal={Neuron},
  volume={88},
  number={6},
  pages={1121--1135},
  year={2015},
  publisher={Elsevier}
}

@article{mathisEtAl18,
  title={DeepLabCut: markerless pose estimation of user-defined body parts with deep learning},
  author={Mathis, Alexander and Mamidanna, Pranav and Cury, Kevin M and Abe, Taiga and Murthy, Venkatesh N and Mathis, Mackenzie Weygandt and Bethge, Matthias},
  journal={Nature neuroscience},
  volume={21},
  number={9},
  pages={1281--1289},
  year={2018},
  publisher={Nature Publishing Group}
}

@article{wuEtAl20,
  title={Deep Graph Pose: a semi-supervised deep graphical model for improved animal pose tracking},
  author={Wu, Anqi and Buchanan, E Kelly and Whiteway, Matthew and Schartner, Michael and Meijer, Guido and Noel, Jean-Paul and Rodriguez, Erica and Everett, Claire and Norovich, Amy and Schaffer, Evan and others},
  journal={bioRxiv},
  year={2020},
  publisher={Cold Spring Harbor Laboratory}
}

@article{battyEtAl19,
  title={BehaveNet: nonlinear embedding and Bayesian neural decoding of behavioral videos},
  author={Batty, Eleanor and Whiteway, Matthew and Saxena, Shreya and Biderman, Dan and Abe, Taiga and Musall, Simon and Gillis, Winthrop and Markowitz, Jeffrey and Churchland, Anne and Cunningham, John and Datta, Sandeep Robert and Linderman, Scott W. and Paninski, Liam},
  year={2019}
}

@article{whitewayEtAl21,
  title={Partitioning variability in animal behavioral videos using semi-supervised variational autoencoders},
  author={Whiteway, Matthew R and Biderman, Dan and Friedman, Yoni and Dipoppa, Mario and Buchanan, E Kelly and Wu, Anqi and Zhou, John and Noel, Jean-Paul R and Cunningham, John P and Paninski, Liam and others},
  journal={bioRxiv},
  year={2021},
  publisher={Cold Spring Harbor Laboratory}
}

@article{pereiraEtAl22,
  title={SLEAP: A deep learning system for multi-animal pose tracking},
  author={Pereira, Talmo D and Tabris, Nathaniel and Matsliah, Arie and Turner, David M and Li, Junyu and Ravindranath, Shruthi and Papadoyannis, Eleni S and Normand, Edna and Deutsch, David S and Wang, Z Yan and others},
  journal={Nature methods},
  volume={19},
  number={4},
  pages={486--495},
  year={2022},
  publisher={Nature Publishing Group US New York}
}

@article{gravingEtAl19,
  title={DeepPoseKit, a software toolkit for fast and robust animal pose estimation using deep learning},
  author={Graving, Jacob M and Chae, Daniel and Naik, Hemal and Li, Liang and Koger, Benjamin and Costelloe, Blair R and Couzin, Iain D},
  journal={Elife},
  volume={8},
  pages={e47994},
  year={2019},
  publisher={eLife Sciences Publications, Ltd}
}

@article{lauerEtAl22,
  title={Multi-animal pose estimation, identification and tracking with DeepLabCut},
  author={Lauer, Jessy and Zhou, Mu and Ye, Shaokai and Menegas, William and Schneider, Steffen and Nath, Tanmay and Rahman, Mohammed Mostafizur and Di Santo, Valentina and Soberanes, Daniel and Feng, Guoping and others},
  journal={Nature Methods},
  volume={19},
  number={4},
  pages={496--504},
  year={2022},
  publisher={Nature Publishing Group US New York}
}

@article{bidermanEtAl24,
  title={Lightning Pose: improved animal pose estimation via semi-supervised learning, Bayesian ensembling and cloud-native open-source tools},
  author={Biderman, Dan and Whiteway, Matthew R and Hurwitz, Cole and Greenspan, Nicholas and Lee, Robert S and Vishnubhotla, Ankit and Warren, Richard and Pedraja, Federico and Noone, Dillon and Schartner, Michael M and others},
  journal={Nature Methods},
  pages={1--13},
  year={2024},
  publisher={Nature Publishing Group US New York}
}

@article{kabraEtAl13,
  title={JAABA: interactive machine learning for automatic annotation of animal behavior},
  author={Kabra, Mayank and Robie, Alice A and Rivera-Alba, Marta and Branson, Steven and Branson, Kristin},
  journal={Nature methods},
  volume={10},
  number={1},
  pages={64--67},
  year={2013},
  publisher={Nature Publishing Group UK London}
}

@article{sturmanEtAl20,
  title={Deep learning-based behavioral analysis reaches human accuracy and is capable of outperforming commercial solutions},
  author={Sturman, Oliver and von Ziegler, Lukas and Schl{\"a}ppi, Christa and Akyol, Furkan and Privitera, Mattia and Slominski, Daria and Grimm, Christina and Thieren, Laetitia and Zerbi, Valerio and Grewe, Benjamin and others},
  journal={Neuropsychopharmacology},
  volume={45},
  number={11},
  pages={1942--1952},
  year={2020},
  publisher={Springer International Publishing Cham}
}

@article{jhuangEtAl10,
  title={Automated home-cage behavioural phenotyping of mice},
  author={Jhuang, Hueihan and Garrote, Estibaliz and Yu, Xinlin and Khilnani, Vinita and Poggio, Tomaso and Steele, Andrew D and Serre, Thomas},
  journal={Nature communications},
  volume={1},
  number={1},
  pages={68},
  year={2010},
  publisher={Nature Publishing Group UK London}
}

@article{giancardoEtAl13,
  title={Automatic visual tracking and social behaviour analysis with multiple mice},
  author={Giancardo, Luca and Sona, Diego and Huang, Huiping and Sannino, Sara and Manag{\`o}, Francesca and Scheggia, Diego and Papaleo, Francesco and Murino, Vittorio},
  journal={PloS one},
  volume={8},
  number={9},
  pages={e74557},
  year={2013},
  publisher={Public Library of Science San Francisco, USA}
}

@article{nilssonEtAl20,
  title={Simple Behavioral Analysis (SimBA)--an open source toolkit for computer classification of complex social behaviors in experimental animals},
  author={Nilsson, Simon RO and Goodwin, Nastacia L and Choong, Jia Jie and Hwang, Sophia and Wright, Hayden R and Norville, Zane C and Tong, Xiaoyu and Lin, Dayu and Bentzley, Brandon S and Eshel, Neir and others},
  journal={BioRxiv},
  pages={2020--04},
  year={2020},
  publisher={Cold Spring Harbor Laboratory}
}

@article{hsuAndYttri21,
  title={B-SOiD, an open-source unsupervised algorithm for identification and fast prediction of behaviors},
  author={Hsu, Alexander I and Yttri, Eric A},
  journal={Nature communications},
  volume={12},
  number={1},
  pages={5188},
  year={2021},
  publisher={Nature Publishing Group UK London}
}

@article{bermanEtAl14,
  title={Mapping the stereotyped behaviour of freely moving fruit flies},
  author={Berman, Gordon J and Choi, Daniel M and Bialek, William and Shaevitz, Joshua W},
  journal={Journal of The Royal Society Interface},
  volume={11},
  number={99},
  pages={20140672},
  year={2014},
  publisher={The Royal Society}
}

@article{brownEtAl13,
  title={A dictionary of behavioral motifs reveals clusters of genes affecting Caenorhabditis elegans locomotion},
  author={Brown, Andr{\'e} EX and Yemini, Eviatar I and Grundy, Laura J and Jucikas, Tadas and Schafer, William R},
  journal={Proceedings of the National Academy of Sciences},
  volume={110},
  number={2},
  pages={791--796},
  year={2013},
  publisher={National Acad Sciences}
}

@article{klibaiteEtAl17,
  title={An unsupervised method for quantifying the behavior of paired animals},
  author={Klibaite, Ugne and Berman, Gordon J and Cande, Jessica and Stern, David L and Shaevitz, Joshua W},
  journal={Physical biology},
  volume={14},
  number={1},
  pages={015006},
  year={2017},
  publisher={IOP Publishing}
}

@article{markowitzEtAl18,
  title={The striatum organizes 3D behavior via moment-to-moment action selection},
  author={Markowitz, Jeffrey E and Gillis, Winthrop F and Beron, Celia C and Neufeld, Shay Q and Robertson, Keiramarie and Bhagat, Neha D and Peterson, Ralph E and Peterson, Emalee and Hyun, Minsuk and Linderman, Scott W and others},
  journal={Cell},
  volume={174},
  number={1},
  pages={44--58},
  year={2018},
  publisher={Elsevier}
}
