@article{volohEtAl23,
  title={Hierarchical action encoding in prefrontal cortex of freely moving macaques},
  author={Voloh, Benjamin and Maisson, David J-N and Cervera, Roberto Lopez and Conover, Indirah and Zambre, Mrunal and Hayden, Benjamin and Zimmermann, Jan},
  journal={Cell reports},
  volume={42},
  number={9},
  year={2023},
  publisher={Elsevier}
}

@article{maoEtAl21,
  title={Spatial modulation of hippocampal activity in freely moving macaques},
  author={Mao, Dun and Avila, Eric and Caziot, Baptiste and Laurens, Jean and Dickman, J David and Angelaki, Dora E},
  journal={Neuron},
  volume={109},
  number={21},
  pages={3521--3534},
  year={2021},
  publisher={Elsevier}
}
