@article{chuEtAl24,
  title={RealtimeDecoder: A fast software module for online clusterless decoding},
  author={Chu, Joshua P and Coulter, Michael E and Denovellis, Eric L and Nguyen, Trevor TK and Liu, Daniel F and Deng, Xinyi and Eden, Uri T and Kemere, Caleb T and Frank, Loren M},
  journal={bioRxiv},
  pages={2024--05},
  year={2024},
  publisher={Cold Spring Harbor Laboratory}
}

@article{kloostermanEtAl14,
  title={Bayesian decoding using unsorted spikes in the rat hippocampus},
  author={Kloosterman, Fabian and Layton, Stuart P and Chen, Zhe and Wilson, Matthew A},
  journal={Journal of neurophysiology},
  volume={111},
  number={1},
  pages={217--227},
  year={2014},
  publisher={American Physiological Society Bethesda, MD}
}

@article{denovellisEtAl21,
  title={Hippocampal replay of experience at real-world speeds},
  author={Denovellis, Eric L and Gillespie, Anna K and Coulter, Michael E and Sosa, Marielena and Chung, Jason E and Eden, Uri T and Frank, Loren M},
  journal={Elife},
  volume={10},
  pages={e64505},
  year={2021},
  publisher={eLife Sciences Publications Limited}
}

@article{tampuuEtAl19,
  title={Efficient neural decoding of self-location with a deep recurrent network},
  author={Tampuu, Ardi and Matiisen, Tambet and {\'O}lafsd{\'o}ttir, H Freyja and Barry, Caswell and Vicente, Raul},
  journal={PLoS computational biology},
  volume={15},
  number={2},
  pages={e1006822},
  year={2019},
  publisher={Public Library of Science San Francisco, CA USA}
}

@article{dengEtAl15,
  title={Clusterless decoding of position from multiunit activity using a marked point process filter},
  author={Deng, Xinyi and Liu, Daniel F and Kay, Kenneth and Frank, Loren M and Eden, Uri T},
  journal={Neural computation},
  volume={27},
  number={7},
  pages={1438--1460},
  year={2015},
  publisher={MIT Press One Rogers Street, Cambridge, MA 02142-1209, USA journals-info~â€¦}
}
