@article{dattaEtAl19,
  title={Computational neuroethology: a call to action},
  author={Datta, Sandeep Robert and Anderson, David J and Branson, Kristin and Perona, Pietro and Leifer, Andrew},
  journal={Neuron},
  volume={104},
  number={1},
  pages={11--24},
  year={2019},
  publisher={Elsevier}
}
