@article{deisseroth15,
  title={Optogenetics: 10 years of microbial opsins in neuroscience},
  author={Deisseroth, Karl},
  journal={Nature neuroscience},
  volume={18},
  number={9},
  pages={1213--1225},
  year={2015},
  publisher={Nature Publishing Group US New York}
}
