
@misc{webWorkers,
  author       = {MDN Web Docs},
  title        = {Web Workers},
  howpublished = {\url{https://developer.mozilla.org/en-US/docs/Web/API/Web_Workers_API}},
  year         = {2024},
  note         = {Web Workers makes it possible to run a script operation in a
          background thread separate from the main execution thread of a web
          application. The advantage of this is that laborious processing can
          be performed in a separate thread, allowing the main (usually the UI)
          thread to run without being blocked/slowed down.}

}

@misc{neurosift,
  author       = {Jeremy Magland},
  title        = {Neurosift},
  howpublished = {\url{https://github.com/flatironinstitute/neurosift}},
  year         = {2024},
  note         = {Neurosift is a browser-based tool designed for the
      visualization of NWB (Neurodata Without Borders) files, whether stored
      locally or hosted remotely, and enables interactive exploration of
      the DANDI Archive.}
}

@misc{ldspython,
  author       = {Joaquin Rapela},
  title        = {Linear Dynamical Systems in Python},
  howpublished = {\url{https://github.com/joacorapela/lds_python}},
  year         = {2024},
  note         = {Python code to estimate Gaussian linear dynamical systems.}
}

@misc{bonsai,
  author       = {NeuroGEARS Ltd.},
  title        = {Bonsai},
  howpublished = {\url{https://bonsai-rx.org/}},
  year         = {2024},
  note         = {A visual language for reactive programming}
}

@misc{bonsaiML,
  author       = {Joaquin Rapela and Nicholas Guilbeault and Goncalo Lopes},
  title        = {Bonsai Machine Learning},
  howpublished = {\url{https://bonsai-rx.org/machinelearning/}},
  year         = {2024},
  note         = {Machine learning functionality for experimental control in Bonsai}
}

@misc{bbsrcAward,
  author       = {Thomas Mrsic-Flogel},
  title        = {Machine Intelligence for Neuroscience Experimental Control},
  howpublished = {\url{https://gow.bbsrc.ukri.org/grants/AwardDetails.aspx?FundingReference=BB\%2FW019132\%2F1}},
  year         = {2023},
  note         = {BBSRC award BB/W019132/1}
}

