/nfs/ghome/live/rapela/dev/research/bibFiles/signalProcessing.bib