
@book{andersonAndMoore12,
  title={Optimal filtering},
  author={Anderson, Brian DO and Moore, John B},
  year={2012},
  publisher={Courier Corporation}
}

@inproceedings{buesingEtAl12,
  title={Spectral learning of linear dynamics from generalised-linear observations with application to neural population data},
  author={Buesing, Lars and Macke, Jakob H and Sahani, Meneesh},
  booktitle={Advances in Neural Information Processing Systems 25: 26th Conference on Neural Information Processing Systems (NIPS 2012)},
  pages={1691--1699},
  year={2012}
}

