@book{barShalomEtAl04,
	title={Estimation with applications to tracking and navigation: theory algorithms and software},
	author={Bar-Shalom, Yaakov and Li, X Rong and Kirubarajan, Thiagalingam},
	year={2004},
	publisher={John Wiley \& Sons}
}

@book{challaEtAl11,
	 place={Cambridge},
	 title={Fundamentals of Object Tracking},
	 publisher={Cambridge University Press},
	 author={Challa, Subhash and Morelande, Mark R. and Mu≈°icki, Darko and Evans, Robin J.},
	 year={2011}
}
