/nfs/ghome/live/rapela/dev/research/bibFiles/imaging.bib