/nfs/ghome/live/rapela/dev/research/bibFiles/latentsVariablesModels.bib