/nfs/ghome/live/rapela/dev/research/bibFiles/neuralManinuplation.bib