/nfs/ghome/live/rapela/dev/research/bibFiles/rpm.bib