/nfs/ghome/live/rapela/dev/research/bibFiles/spectralAnalysis.bib