/nfs/ghome/live/rapela/dev/research/bibFiles/stateSpaceModels.bib