/nfs/ghome/live/rapela/dev/research/bibFiles/tensorDecomposition.bib