@inproceedings{campagnerEtAl24,
  author    = {D. Campagner and J. Bhagat and G. Lopes and L. Calcaterra and J. Ahn and A. Almeida and F. J. Carvalho and B. Cruz and A. Erskine and C. Lo and T. T. Nguyen and A. Pouget and J. Rapela and T. Ryan and J. Reggiani and S. SWC Foraging Behaviour Working Group},
  title     = {Aeon: an open-source platform to study the neural basis of ethological behaviours over naturalistic timescales},
  booktitle = {Society for Neuroscience Abstracts},
  year      = {2024},
  pages     = {PSTR033.03 / I26},
  note      = {\href{https://www.abstractsonline.com/pp8/?_gl=1*it0gi6*_gcl_au*MTUyNDE0NDQwLjE3Mjc2OTgyODM.*_ga*MTUxNDI2NDg5LjE3Mjc2OTgyODM.*_ga_T09K3Q2WDN*MTcyOTUwNDUzNy4yLjEuMTcyOTUwNDY3Ny41NC4wLjA.#!/20433/presentation/22271}{SfN online abstract}},
}

@misc{aeonacquisition,
  author       = {SWC Foraging Behavior Working Group},
  title        = {aeon\_acquisition repository},
  howpublished = {\url{https://github.com/SainsburyWellcomeCentre/aeon_acquisition}},
  year         = {2024},
}

@misc{aeonmecha,
  author       = {SWC Foraging Behavior Working Group},
  title        = {aeon\_mecha repository},
  howpublished = {\url{https://github.com/SainsburyWellcomeCentre/aeon_mecha}},
  year         = {2024},
}

