@article{schrimpfEtAl20,
  title={Integrative benchmarking to advance neurally mechanistic models of human intelligence},
  author={Schrimpf, Martin and Kubilius, Jonas and Lee, Michael J and Murty, N Apurva Ratan and Ajemian, Robert and DiCarlo, James J},
  journal={Neuron},
  volume={108},
  number={3},
  pages={413--423},
  year={2020},
  publisher={Elsevier}
}

@article{berensEtAl18,
  title={Community-based benchmarking improves spike rate inference from two-photon calcium imaging data},
  author={Berens, Philipp and Freeman, Jeremy and Deneux, Thomas and Chenkov, Nikolay and McColgan, Thomas and Speiser, Artur and Macke, Jakob H and Turaga, Srinivas C and Mineault, Patrick and Rupprecht, Peter and others},
  journal={PLoS computational biology},
  volume={14},
  number={5},
  pages={e1006157},
  year={2018},
  publisher={Public Library of Science San Francisco, CA USA}
}

@article{maglandEtAl20,
  title={SpikeForest, reproducible web-facing ground-truth validation of automated neural spike sorters},
  author={Magland, Jeremy and Jun, James J and Lovero, Elizabeth and Morley, Alexander J and Hurwitz, Cole Lincoln and Buccino, Alessio Paolo and Garcia, Samuel and Barnett, Alex H},
  journal={Elife},
  volume={9},
  pages={e55167},
  year={2020},
  publisher={eLife Sciences Publications, Ltd}
}

@article{peiEtAl21,
  title={Neural latents benchmark'21: evaluating latent variable models of neural population activity},
  author={Pei, Felix and Ye, Joel and Zoltowski, David and Wu, Anqi and Chowdhury, Raeed H and Sohn, Hansem and O'Doherty, Joseph E and Shenoy, Krishna V and Kaufman, Matthew T and Churchland, Mark and others},
  journal={arXiv preprint arXiv:2109.04463},
  year={2021}
}

@article{gehrmannEtAl21,
  title={The gem benchmark: Natural language generation, its evaluation and metrics},
  author={Gehrmann, Sebastian and Adewumi, Tosin and Aggarwal, Karmanya and Ammanamanchi, Pawan Sasanka and Anuoluwapo, Aremu and Bosselut, Antoine and Chandu, Khyathi Raghavi and Clinciu, Miruna and Das, Dipanjan and Dhole, Kaustubh D and others},
  journal={arXiv preprint arXiv:2102.01672},
  year={2021}
}
