@article{balaEtAl20,
  title={Automated markerless pose estimation in freely moving macaques with OpenMonkeyStudio},
  author={Bala, Praneet C and Eisenreich, Benjamin R and Yoo, Seng Bum Michael and Hayden, Benjamin Y and Park, Hyun Soo and Zimmermann, Jan},
  journal={Nature communications},
  volume={11},
  number={1},
  pages={4560},
  year={2020},
  publisher={Nature Publishing Group UK London}
}

@article{charnov76,
  title={Optimal foraging, the marginal value theorem},
  author={Charnov, Eric L},
  journal={Theoretical population biology},
  volume={9},
  number={2},
  pages={129--136},
  year={1976},
  publisher={Elsevier}
}

@article{pyke78,
  title={Optimal foraging in bumblebees and coevolution with their plants},
  author={Pyke, Graham H},
  journal={Oecologia},
  volume={36},
  pages={281--293},
  year={1978},
  publisher={Springer}
}

@article{wajnbergEtAl00,
  title={Patch leaving decision rules and the Marginal Value Theorem: an experimental analysis and a simulation model},
  author={Wajnberg, Eric and Fauvergue, Xavier and Pons, Odile},
  journal={Behavioral Ecology},
  volume={11},
  number={6},
  pages={577--586},
  year={2000},
  publisher={Oxford University Press}
}

@article{cassiniEtAl93,
  title={Foraging behaviour in guinea pigs: further tests of the marginal value theorem},
  author={Cassini, Marcelo H and Lichtenstein, G and Ongay, JP and Kacelnik, Alejandro},
  journal={Behavioural Processes},
  volume={29},
  number={1-2},
  pages={99--112},
  year={1993},
  publisher={Elsevier}
}
