@article{peiEtaAl21,
      title={Neural Latents Benchmark'21: Evaluating latent variable models of
          neural population activity},
      author={Pei, Felix and Ye, Joel and Zoltowski, David and Wu, Anqi and
            Chowdhury, Raeed H and Sohn, Hansem and O'Doherty, Joseph E and
                Shenoy, Krishna V and Kaufman, Matthew T and Churchland, Mark
                and others},
      journal={arXiv preprint arXiv:2109.04463},
      year={2021}
}

@article{yuEtAl09,
  title={Gaussian-process factor analysis for low-dimensional single-trial analysis of neural population activity},
  author={Yu, Byron M and Cunningham, John P and Santhanam, Gopal and Ryu, Stephen I and Shenoy, Krishna V and Sahani, Maneesh},
  journal={Journal of neurophysiology},
  volume={102},
  number={1},
  pages={614--635},
  year={2009},
  publisher={American Physiological Society}
}

@article{zhaoAndPark17,
  title={Variational latent gaussian process for recovering single-trial dynamics from population spike trains},
  author={Zhao, Yuan and Park, Il Memming},
  journal={Neural computation},
  volume={29},
  number={5},
  pages={1293--1316},
  year={2017},
  publisher={MIT Press}
}

@inproceedings{dunckerAndSahani18,
  title={Temporal alignment and latent Gaussian process factor inference in population spike trains},
  author={Duncker, Lea and Sahani, Maneesh},
  booktitle={Advances in Neural Information Processing Systems},
  pages={10445--10455},
  year={2018}
}

@misc{dunckerAndSahani18supplementary,
  title={Supplementary material: Temporal alignment and latent Gaussian process factor inference in population spike trains},
  author={Duncker, Lea and Sahani, Maneesh},
  booktitle={Advances in Neural Information Processing Systems},
  pages={1--4},
  year={2018},
}

@article{dunckerAndSahani21,
	title={Dynamics on the manifold: Identifying computational dynamical activity from neural population recordings},
	author={Duncker, Lea and Sahani, Maneesh},
	journal={Current opinion in neurobiology},
	volume={70},
	pages={163--170},
	year={2021},
	publisher={Elsevier}
}

@article{ruttenEtAl20,
	title={Non-reversible Gaussian processes for identifying latent dynamical structure in neural data},
	author={Rutten, Virginia and Bernacchia, Alberto and Sahani, Maneesh and Hennequin, Guillaume},
	journal={Advances in neural information processing systems},
	volume={33},
	pages={9622--9632},
	year={2020}
}

@article{keeleyEtAl20,
	title={Identifying signal and noise structure in neural population activity with Gaussian process factor models},
	author={Keeley, Stephen and Aoi, Mikio and Yu, Yiyi and Smith, Spencer and Pillow, Jonathan W},
	journal={Advances in neural information processing systems},
	volume={33},
	pages={13795--13805},
	year={2020}
}

@article{jensenEtAl21,
	title={Scalable Bayesian GPFA with automatic relevance determination and discrete noise models},
	author={Jensen, Kristopher and Kao, Ta-Chu and Stone, Jasmine and Hennequin, Guillaume},
	journal={Advances in Neural Information Processing Systems},
	volume={34},
	pages={10613--10626},
	year={2021}
}

@article{nadewEtAl24,
	title={Conditionally-Conjugate Gaussian Process Factor Analysis for Spike Count Data via Data Augmentation},
	author={Nadew, Yididiya Y and Fan, Xuhui and Quinn, Christopher J},
	journal={arXiv preprint arXiv:2405.11683},
	year={2024}
}

@article{mackeEtAl11,
  title={Empirical models of spiking in neural populations},
  author={Macke, Jakob H and Buesing, Lars and Cunningham, John P and Yu, Byron M and Shenoy, Krishna V and Sahani, Maneesh},
  journal={Advances in neural information processing systems},
  volume={24},
  year={2011}
}

@article{mackeEtAl15,
  title={Estimating state and parameters in state space models of spike trains},
  author={Macke, Jakob H and Buesing, Lars and Sahani, Maneesh and Chen, Z},
  journal={Advanced state space methods for neural and clinical data},
  volume={137},
  pages={159},
  year={2015},
  publisher={Cambridge University Press Cambridge}
}

@article{gaoEtAl15,
  title={High-dimensional neural spike train analysis with generalized count linear dynamical systems},
  author={Gao, Yuanjun and Busing, Lars and Shenoy, Krishna V and Cunningham, John P},
  journal={Advances in neural information processing systems},
  volume={28},
  year={2015}
}

@article{pandarinathEtAl18,
  title={Inferring single-trial neural population dynamics using sequential auto-encoders},
  author={Pandarinath, Chethan and Oâ€™Shea, Daniel J and Collins, Jasmine and Jozefowicz, Rafal and Stavisky, Sergey D and Kao, Jonathan C and Trautmann, Eric M and Kaufman, Matthew T and Ryu, Stephen I and Hochberg, Leigh R and others},
  journal={Nature methods},
  volume={15},
  number={10},
  pages={805--815},
  year={2018},
  publisher={Nature Publishing Group US New York}
}

@inproceedings{sheAndWu20,
  title={Neural dynamics discovery via gaussian process recurrent neural networks},
  author={She, Qi and Wu, Anqi},
  booktitle={Uncertainty in Artificial Intelligence},
  pages={454--464},
  year={2020},
  organization={PMLR}
}

@article{liEtAl24,
  title={Multi-Region Markovian Gaussian Process: An Efficient Method to Discover Directional Communications Across Multiple Brain Regions},
  author={Li, Weihan and Li, Chengrui and Wang, Yule and Wu, Anqi},
  journal={arXiv preprint arXiv:2402.02686},
  year={2024}
}

@phdthesis{sahani99,
  title        = {Latent variable models for neural data analysis},
  author       = {Sahani, Maneesh},
  year         = {1999},
  month        = {May},
  address      = {Pasadena, CA},
  note         = {Available at \url{https://www.proquest.com/docview/304498531}},
  school       = {California Institute of Technology},
  type         = {PhD thesis}
}

@article{saniEtAl21,
  title={Modeling behaviorally relevant neural dynamics enabled by preferential subspace identification},
  author={Sani, Omid G and Abbaspourazad, Hamidreza and Wong, Yan T and Pesaran, Bijan and Shanechi, Maryam M},
  journal={Nature Neuroscience},
  volume={24},
  number={1},
  pages={140--149},
  year={2021},
  publisher={Nature Publishing Group US New York}
}
