@article{thompsonEtAl24,
  title={Replay of procedural experience is independent of the hippocampus},
  author={Thompson, Emmett and Rollik, Lars and Waked, Benjamin and Mills, Georgina and Kaur, Jasvin and Geva, Ben and Carrasco-Davis, Rodrigo and George, Tom and Domine, Clementine and Dorrell, William and others},
  journal={bioRxiv},
  pages={2024--06},
  year={2024},
  publisher={Cold Spring Harbor Laboratory}
}
