@article{todorovaEtAl14,
  title={To sort or not to sort: the impact of spike-sorting on neural decoding performance},
  author={Todorova, Sonia and Sadtler, Patrick and Batista, Aaron and Chase, Steven and Ventura, Val{\'e}rie},
  journal={Journal of neural engineering},
  volume={11},
  number={5},
  pages={056005},
  year={2014},
  publisher={IOP Publishing}
}

@article{trautmannEtAl19,
  title={Accurate estimation of neural population dynamics without spike sorting},
  author={Trautmann, Eric M and Stavisky, Sergey D and Lahiri, Subhaneil and Ames, Katherine C and Kaufman, Matthew T and O’Shea, Daniel J and Vyas, Saurabh and Sun, Xulu and Ryu, Stephen I and Ganguli, Surya and others},
  journal={Neuron},
  volume={103},
  number={2},
  pages={292--308},
  year={2019},
  publisher={Elsevier}
}

@article{pachitariuEtAl16,
  title={Kilosort: realtime spike-sorting for extracellular electrophysiology with hundreds of channels},
  author={Pachitariu, Marius and Steinmetz, Nicholas and Kadir, Shabnam and Carandini, Matteo and others},
  journal={BioRxiv},
  pages={061481},
  year={2016},
  publisher={Cold Spring Harbor Laboratory}
}

@article{chungEtAl17,
  title={A fully automated approach to spike sorting},
  author={Chung, Jason E and Magland, Jeremy F and Barnett, Alex H and Tolosa, Vanessa M and Tooker, Angela C and Lee, Kye Y and Shah, Kedar G and Felix, Sarah H and Frank, Loren M and Greengard, Leslie F},
  journal={Neuron},
  volume={95},
  number={6},
  pages={1381--1394},
  year={2017},
  publisher={Elsevier}
}

@inproceedings{santhanamEtAl04,
  title={An extensible infrastructure for fully automated spike sorting during online experiments},
  author={Santhanam, Gopal and Sahani, Maneesh and Ryu, Stephen I and Shenoy, Krishna V},
  booktitle={The 26th Annual International Conference of the IEEE Engineering in Medicine and Biology Society},
  volume={2},
  pages={4380--4384},
  year={2004},
  organization={IEEE}
}

@article{rutishauserEtAl06,
  title={Online detection and sorting of extracellularly recorded action potentials in human medial temporal lobe recordings, in vivo},
  author={Rutishauser, Ueli and Schuman, Erin M and Mamelak, Adam N},
  journal={Journal of neuroscience methods},
  volume={154},
  number={1-2},
  pages={204--224},
  year={2006},
  publisher={Elsevier}
}

@article{vanBeestEtAl24,
  title={Tracking neurons across days with high-density probes},
  author={van Beest, Enny H and Bimbard, C{\'e}lian and Fabre, Julie MJ and Dodgson, Sam W and Tak{\'a}cs, Fl{\'o}ra and Coen, Philip and Lebedeva, Anna and Harris, Kenneth D and Carandini, Matteo},
  journal={Nature Methods},
  pages={1--10},
  year={2024},
  publisher={Nature Publishing Group US New York}
}

@article{yuanEtAl24,
  title={Multi-day neuron tracking in high-density electrophysiology recordings using earth mover’s distance},
  author={Yuan, Augustine Xiaoran and Colonell, Jennifer and Lebedeva, Anna and Okun, Michael and Charles, Adam S and Harris, Timothy D},
  journal={Elife},
  volume={12},
  pages={RP92495},
  year={2024},
  publisher={eLife Sciences Publications Limited}
}

@misc{mountainsort5,
  author       = {Magland, Jeremy and contributors},
  title        = {MountainSort5: Spike Sorting Software},
  howpublished = {\url{https://github.com/flatironinstitute/mountainsort5}},
  year         = {2023},
  note         = {Accessed: 2023-10-17}
}

@misc{spikeinterface,
  author       = {Buccino, Alessio P. and Magland, Jeremy and others},
  title        = {SpikeInterface: A Unified Framework for Spike Sorting},
  howpublished = {\url{https://github.com/SpikeInterface/spikeinterface}},
  year         = {2023},
  note         = {Accessed: 2023-10-17}
}

