
@inproceedings{soulatEtAl21,
  title={Probabilistic Tensor Decomposition of Neural Population Spiking Activity},
  author={Hugo Soulat and Sepiedeh Keshavarzi and Troy W. Margrie and Maneesh Sahani},
  booktitle={Advances in Neural Information Processing Systems},
  year={2021},
}

