@article{pachitariuEtAl24,
  title={Spike sorting with Kilosort4},
  author={Pachitariu, Marius and Sridhar, Shashwat and Pennington, Jacob and Stringer, Carsen},
  journal={Nature Methods},
  volume={21},
  number={5},
  pages={914--921},
  year={2024},
  publisher={Nature Publishing Group US New York}
}

@article{chungEtAl17,
  title={A fully automated approach to spike sorting},
  author={Chung, Jason E and Magland, Jeremy F and Barnett, Alex H and Tolosa, Vanessa M and Tooker, Angela C and Lee, Kye Y and Shah, Kedar G and Felix, Sarah H and Frank, Loren M and Greengard, Leslie F},
  journal={Neuron},
  volume={95},
  number={6},
  pages={1381--1394},
  year={2017},
  publisher={Elsevier}
}

@article{ygerEtAl18,
  title={A spike sorting toolbox for up to thousands of electrodes validated with ground truth recordings in vitro and in vivo},
  author={Yger, Pierre and Spampinato, Giulia LB and Esposito, Elric and Lefebvre, Baptiste and Deny, St{\'e}phane and Gardella, Christophe and Stimberg, Marcel and Jetter, Florian and Zeck, Guenther and Picaud, Serge and others},
  journal={elife},
  volume={7},
  pages={e34518},
  year={2018},
  publisher={eLife Sciences Publications, Ltd}
}

@article{fabreEtAl23,
  title={Bombcell: automated curation and cell classification of spike-sorted electrophysiology data},
  author={Fabre, JMJ and van Beest, EH and Peters, AJ and Carandini, M and Harris, KD},
  journal={Zenodo},
  year={2023}
}

@article{vanBeestEtAl24,
  title={Tracking neurons across days with high-density probes},
  author={van Beest, Enny H and Bimbard, C{\'e}lian and Fabre, Julie MJ and Dodgson, Sam W and Tak{\'a}cs, Fl{\'o}ra and Coen, Philip and Lebedeva, Anna and Harris, Kenneth D and Carandini, Matteo},
  journal={Nature Methods},
  pages={1--10},
  year={2024},
  publisher={Nature Publishing Group US New York}
}

@article{buccinoEtAl20,
  title={SpikeInterface, a unified framework for spike sorting},
  author={Buccino, Alessio P and Hurwitz, Cole L and Garcia, Samuel and Magland, Jeremy and Siegle, Joshua H and Hurwitz, Roger and Hennig, Matthias H},
  journal={Elife},
  volume={9},
  pages={e61834},
  year={2020},
  publisher={eLife Sciences Publications, Ltd}
}

@article{steinmetzEtAl21,
  title={Neuropixels 2.0: A miniaturized high-density probe for stable, long-term brain recordings},
  author={Steinmetz, Nicholas A and Aydin, Cagatay and Lebedeva, Anna and Okun, Michael and Pachitariu, Marius and Bauza, Marius and Beau, Maxime and Bhagat, Jai and B{\"o}hm, Claudia and Broux, Martijn and others},
  journal={Science},
  volume={372},
  number={6539},
  pages={eabf4588},
  year={2021},
  publisher={American Association for the Advancement of Science}
}

@article{vanDerMolenEtAl24,
  title={RT-Sort: an action potential propagation-based algorithm for real time spike detection and sorting with millisecond latencies},
  author={van der Molen, Tjitse and Lim, Max and Bartram, Julian and Cheng, Zhuowei and Robbins, Ash and Parks, David F and Petzold, Linda R and Hierlemann, Andreas and Haussler, David and Hansma, Paul K and others},
  journal={PloS one},
  volume={19},
  number={12},
  pages={e0312438},
  year={2024},
  publisher={Public Library of Science San Francisco, CA USA}
}
